
<record>
  <controlfield tag="001">1604182</controlfield>
  <datafield tag="024" ind1="7" ind2=" ">
    <subfield code="a">10.1142/9789812706881_0022</subfield>
    <subfield code="2">DOI</subfield>
    <subfield code="9">World Scientific</subfield>
  </datafield>
  <datafield tag="035" ind1=" " ind2=" ">
    <subfield code="a">Kuboki:2007qwp</subfield>
    <subfield code="9">INSPIRETeX</subfield>
  </datafield>
  <datafield tag="245" ind1=" " ind2=" ">
    <subfield code="a">Search for Narrow Dibaryon Resonances via the p + d Scattering</subfield>
    <subfield code="9">WSP</subfield>
  </datafield>
</record>

</collection>